<mx:record xmlns="http://www.w3.org/TR/xhtml1/strict" xmlns:mx="http://www.loc.gov/MARC21/slim" xmlns:xsi="http://www.w3.org/2001/XMLSchema-instance"><mx:leader>00000cz   2200000n  4500</mx:leader><mx:controlfield tag="001">oca00373789 </mx:controlfield><mx:controlfield tag="003">OCoLC</mx:controlfield><mx:controlfield tag="005">20051019181736.0</mx:controlfield><mx:controlfield tag="008">800310n| acannaabn          |a aaa      </mx:controlfield><mx:datafield ind1=" " ind2=" " tag="010"><mx:subfield code="a">n  79142562 </mx:subfield></mx:datafield><mx:datafield ind1=" " ind2=" " tag="035"><mx:subfield code="a">(OCoLC)oca00373789</mx:subfield></mx:datafield><mx:datafield ind1=" " ind2=" " tag="040"><mx:subfield code="a">DLC</mx:subfield><mx:subfield code="b">eng</mx:subfield><mx:subfield code="c">DLC</mx:subfield><mx:subfield code="d">DLC</mx:subfield><mx:subfield code="d">PPi-MA</mx:subfield><mx:subfield code="d">DLC</mx:subfield></mx:datafield><mx:datafield ind1=" " ind2="0" tag="053"><mx:subfield code="a">PA8201</mx:subfield></mx:datafield><mx:datafield ind1="1" ind2=" " tag="100"><mx:subfield code="a">Abelard, Peter,</mx:subfield><mx:subfield code="d">1079-1142</mx:subfield></mx:datafield><mx:datafield ind1="1" ind2=" " tag="400"><mx:subfield code="a">Abélard, Pierre,</mx:subfield><mx:subfield code="d">1079-1142</mx:subfield></mx:datafield><mx:datafield ind1="1" ind2=" " tag="400"><mx:subfield code="a">Abaelardus, Petrus,</mx:subfield><mx:subfield code="d">1079-1142</mx:subfield></mx:datafield><mx:datafield ind1="1" ind2=" " tag="400"><mx:subfield code="a">Abeilard, Pierre,</mx:subfield><mx:subfield code="d">1079-1142</mx:subfield></mx:datafield><mx:datafield ind1="1" ind2=" " tag="400"><mx:subfield code="a">Abelardo, Pietro,</mx:subfield><mx:subfield code="d">1079-1142</mx:subfield></mx:datafield><mx:datafield ind1="1" ind2=" " tag="400"><mx:subfield code="a">Abelʹi︠a︡rd, Petr,</mx:subfield><mx:subfield code="d">1079-1142</mx:subfield></mx:datafield><mx:datafield ind1="1" ind2=" " tag="400"><mx:subfield code="a">Abelard, Piotr,</mx:subfield><mx:subfield code="d">1079-1142</mx:subfield></mx:datafield><mx:datafield ind1="1" ind2=" " tag="400"><mx:subfield code="w">nna</mx:subfield><mx:subfield code="a">Abailard, Pierre,</mx:subfield><mx:subfield code="d">1079-1142</mx:subfield></mx:datafield><mx:datafield ind1="1" ind2=" " tag="400"><mx:subfield code="a">Abelardo,</mx:subfield><mx:subfield code="d">1079-1142</mx:subfield></mx:datafield><mx:datafield ind1="1" ind2=" " tag="400"><mx:subfield code="a">Abeli︠a︡r, Petr,</mx:subfield><mx:subfield code="d">1079-1142</mx:subfield></mx:datafield><mx:datafield ind1="1" ind2=" " tag="400"><mx:subfield code="a">Abaelardus,</mx:subfield><mx:subfield code="d">1079-1142</mx:subfield></mx:datafield><mx:datafield ind1="1" ind2=" " tag="400"><mx:subfield code="a">Abailardus, Petrus,</mx:subfield><mx:subfield code="d">1079-1142</mx:subfield></mx:datafield><mx:datafield ind1="1" ind2=" " tag="400"><mx:subfield code="a">Abaelard, Peter,</mx:subfield><mx:subfield code="d">1079-1142</mx:subfield></mx:datafield><mx:datafield ind1="1" ind2=" " tag="400"><mx:subfield code="a">Abailard, Peter,</mx:subfield><mx:subfield code="d">1079-1142</mx:subfield></mx:datafield><mx:datafield ind1="1" ind2=" " tag="400"><mx:subfield code="a">Abaelardi, Petri,</mx:subfield><mx:subfield code="d">1079-1142</mx:subfield></mx:datafield><mx:datafield ind1=" " ind2=" " tag="670"><mx:subfield code="a">Debû-Bridel, J. Abélard, 1946.</mx:subfield></mx:datafield><mx:datafield ind1=" " ind2=" " tag="670"><mx:subfield code="a">Vilela, O. O Drama Heloísa-Abelardo, 1986.</mx:subfield></mx:datafield><mx:datafield ind1=" " ind2=" " tag="670"><mx:subfield code="a">Slovo i tekst v srednevekovoĭ kulʹture, 1994:</mx:subfield><mx:subfield code="b">leaf facing t.p. (Abaelardus [in rom.]) p. 22 (Petr Abeli︠a︡r)</mx:subfield></mx:datafield><mx:datafield ind1=" " ind2=" " tag="670"><mx:subfield code="a">New Grove</mx:subfield><mx:subfield code="b">(Abelard, Peter (Petrus Abailardus, Abaelard, Abailard); b. 1079, Le Pallet, near Nantes, d. Apr. 21, 1142, St-Marcel, near Chalon-sur-Saône; French philsopher, poet and musician of Breton origin)</mx:subfield></mx:datafield><mx:datafield ind1=" " ind2=" " tag="670"><mx:subfield code="a">Lehotka, Gábor. Sabbato ad vesperas hymnus, c2004:</mx:subfield><mx:subfield code="b">caption (Petri Abaelardi)</mx:subfield></mx:datafield><mx:datafield ind1=" " ind2=" " tag="999"><mx:subfield code="a">436823.4791</mx:subfield></mx:datafield></mx:record>